@article{Silver:2016hl,
author = {{Silver, D} and {Huang, A} and {Maddison, C J} and {Guez, A} and {Sifre, L}},
title = {{Mastering the game of Go with deep neural networks and tree search}},
journal = {Nature},
year = {2016},
volume = {529},
number = {7587},
pages = {484--489}
}
@book{russelartificial,
  title={Artificial Intelligence: A Modern Approach, 2003},
  author={Russel, Stuart and Norvig, Peter},
  journal={EUA: Prentice Hall}
}

@misc{Udacity2017,
  author = {Udacity},
  title = {Build a Game-playing Agent},
  year = {2017},
  publisher = {GitHub},
  journal = {GitHub repository},
  howpublished = {\url{https://goo.gl/ND8wPY}}
}

@misc{Economist2017,
  author = {The Economist},
  title = {Shall We Play a Game?},
  year = {2017},
  journal = {The Economist}
}

@misc{Economist2017a,
  author = {The Economist},
  title = {The future of computing},
  year = {2017},
  journal = {The Economist}
}

@misc{MIT2017,
  author = {Tomás Lozano-Pérez, and Leslie Kaelbling},
  title = {Techniques in Artificial Intelligence (SMA 5504)},
  year = {2002},
  publisher = {Massachusetts Institute of Technology: MIT OpenCourseWare},
  howpublished = {\url{https://goo.gl/eFFi92}}
}

@article{ushshaquestudy2015,
  title={A Study On Artificial Intelligence Planning},
  author={Ushshaque, Mariya and Pandey, Deependra},
  year = {20015},
  journal = {International Journal of Research in Engineering and Technology}
}

